% Encoding: UTF-8

@Misc{hm11Datasheet,
  author       = {JN Huamao Technology Company},
  title        = {{B}luetooth 4.0 {BLE} module},
  howpublished = {Datenblatt},
  month        = jul,
  year         = {2017},
  timestamp    = {2018-06-09},
}

@Comment{jabref-meta: databaseType:bibtex;}
